@Misc{goetz12fdefenders,
    author = {Goetz, Brian and Field, Robert},
    title  = {Featherweight Defenders: A formal model for virtual extension methods in Java},
    month  = March,
    year   = 2012
%    howpublished = "\url{http://cr.openjdk.java.net/∼briangoetz/lambda/featherweightdefenders.pdf}"
}

@inproceedings{bono14,
 author = {Bono, Viviana and Mensa, Enrico and Naddeo, Marco},
 title = {Trait-oriented Programming in Java 8},
 booktitle = {Proceedings of the 2014 International Conference on Principles and Practices of Programming on the Java Platform: Virtual Machines, Languages, and Tools},
 series = {PPPJ'14},
 year = {2014}
} 

@article{Liquori08ftj,
 author = {Liquori, Luigi and Spiwack, Arnaud},
 title = {FeatherTrait: A Modest Extension of Featherweight Java},
 journal = {ACM Trans. Program. Lang. Syst.},
 issue_date = {March 2008},
 volume = {30},
 number = {2},
 month = mar,
 year = {2008}
}

@book{ellis1990annotated,
  title={The annotated C++ reference manual},
  author={Ellis, Margaret A and Stroustrup, Bjarne},
  year={1990},
  publisher={Addison-Wesley}
}

@book{malayeri2009cz,
  title={CZ: multiple inheritance without diamonds},
  author={Malayeri, Donna and Aldrich, Jonathan},
  volume={44},
  number={10},
  year={2009},
  publisher={ACM}
}

@article{bruce1994paradigmatic,
  title={A paradigmatic object-oriented programming language: Design, static typing and semantics},
  author={Bruce, Kim B},
  journal={Journal of Functional Programming},
  volume={4},
  number={02},
  pages={127--206},
  year={1994},
  publisher={Cambridge Univ Press}
}

@inproceedings{erdweg11sugarj,
 author = {Erdweg, Sebastian and Rendel, Tillmann and K\"{a}stner, Christian and Ostermann, Klaus},
 title = {SugarJ: Library-based Syntactic Language Extensibility},
 series = {OOPSLA'11},
 year = {2011}
} 

%fork-join problem
@inproceedings{Sak89dis,
  author    = {Markku Sakkinen},
  title     = {Disciplined Inheritance},
  booktitle = {ECOOP'89},
  year      = {1989}
}
%yo-yo problem
@inproceedings{taenzer1989problems,
  title={Problems in Object-Oriented Software Reuse.},
  author={Taenzer, David H and Ganti, Murthy and Podar, Sunil},
  booktitle={ECOOP},
  volume={89},
  pages={25--38},
  year={1989}
}

@INPROCEEDINGS{torgersen04theexpression,
    author = {Mads Torgersen},
    title = {The Expression Problem Revisited -- Four new solutions using generics},
    booktitle = {ECOOP'04},
    year = {2004}
}

@article{Igarashi01FJ,
 author = {Igarashi, Atsushi and Pierce, Benjamin C. and Wadler, Philip},
 title = {Featherweight Java: A Minimal Core Calculus for Java and GJ},
 journal = {ACM Trans. Program. Lang. Syst.},
 issue_date = {May 2001},
 volume = {23},
 number = {3},
 month = may,
 year = {2001}
} 


@article{saito08lightweight,
author = {SAITO,CHIERI and IGARASHI,ATSUSHI and VIROLI,MIRKO},
title = {Lightweight family polymorphism},
journal = {Journal of Functional Programming},
volume = {18},
issue = {03},
month = {5},
year = {2008}
}

@inproceedings{kamina07lightweight,
 author = {Kamina, Tetsuo and Tamai, Tetsuo},
 title = {Lightweight Scalable Components},
 booktitle = {Proceedings of the 6th International Conference on Generative Programming and Component Engineering},
 series = {GPCE '07},
 year = {2007}
} 

@inproceedings{kamina08lightweight,
 author = {Kamina, Tetsuo and Tamai, Tetsuo},
 title = {Lightweight Dependent Classes},
 booktitle = {Proceedings of the 7th International Conference on Generative Programming and Component Engineering},
 series = {GPCE '08},
 year = {2008}
} 


@inproceedings{ernst06virtual,
 author = {Ernst, Erik and Ostermann, Klaus and Cook, William R.},
 title = {A Virtual Class Calculus},
 booktitle = {Conference Record of the 33rd ACM SIGPLAN-SIGACT Symposium on Principles of Programming Languages},
 series = {POPL '06},
 year = {2006}
} 

@book{gof,
 author = {Gamma, Erich and Helm, Richard and Johnson, Ralph and Vlissides, John},
 title = {Design Patterns: Elements of Reusable Object-oriented Software},
 year = {1995},
 isbn = {0-201-63361-2},
 publisher = {Addison-Wesley Longman Publishing Co., Inc.},
 address = {Boston, MA, USA},
} 

@Misc{wadler98expression-problem,
    author = "Philip Wadler",
    title  = "The {E}xpression {P}roblem",
    month  = nov,
    year   = 1998,
    howpublished = "Email",
    note = "Discussion on the Java Genericity mailing list"
}

@InCollection{reynolds75user-defined,
Author="J. C. Reynolds",
Title="User-defined Types and Procedural Data Structures as Complementary
           Approaches to Type Abstraction",
Booktitle="New Directions in Algorithmic Languages",
Organization="IFIP Working Group 2.1",
Year=1975,
Editor="S. A. Schuman",
Publisher=IRIA,
Pages="157-168"
}

@inproceedings{Cook90ooadt,
 author = {Cook, William R.},
 title = {Object-Oriented Programming Versus Abstract Data Types},
 booktitle = {Proceedings of the REX School/Workshop on Foundations of Object-Oriented Languages},
 year = {1991},
 pages = {151--178},
 publisher = {Springer-Verlag}
} 

@article{kim03challenging,
title = "Some Challenging Typing Issues in Object-Oriented Languages: Extended Abstract",
journal = "Electronic Notes in Theoretical Computer Science",
volume = "82",
number = "8",
pages = "1 - 29",
year = "2003",
author = "Kim Bruce"
}

@inproceedings{krishnamurthi98synthesizing,
 author = {Krishnamurthi, Shriram and Felleisen, Matthias and Friedman, Daniel P.},
 title = {Synthesizing Object-Oriented and Functional Design to Promote Re-Use},
 booktitle = {ECOOP'98},
 year = {1998}
} 

@inproceedings{oliveira12extensibility, 
 author = {Oliveira, Bruno C. d. S. and Cook, William R.},
 title = {Extensibility for the Masses: Practical Extensibility with Object Algebras},
 booktitle = {ECOOP'12},
 year = {2012}
} 


@inproceedings{palsberg98essence,
 author = {Palsberg, Jens and Jay, C. Barry},
 title = {The Essence of the Visitor Pattern},
 booktitle = {COMPSAC'98},
 year = {1998}
} 

@INPROCEEDINGS{hinze04generics,
AUTHOR = "Ralf Hinze",
TITLE = "Generics for the masses.",
booktitle = "ICFP'04",
YEAR = {2004}  
}

@inproceedings{oliveira05typecase,
 author = {Oliveira, Bruno C. d. S. and Gibbons, Jeremy},
 title = {TypeCase: a design pattern for type-indexed functions},
 booktitle = {Haskell '05},
 year = {2005}
} 

@ARTICLE{bohm85automatic,
AUTHOR = "Corrado Böhm and Alessandro Berarducci",
TITLE = "Automatic Synthesis of Typed Lambda-Programs on Term Algebras.",
JOURNAL = "Theor. Comput. Sci.",
PAGES = {135-154},
YEAR = {1985}  
}

@article{parigot92recursive,
 author = {Parigot, Michel},
 title = {Recursive programming with proofs},
 journal = {Theor. Comput. Sci.},
 volume = {94},
 issue = {2},
 month = {March},
 year = {1992},
 pages = {335--356}
} 

@inproceedings{oliveira06extensible,
    author = {Oliveira, Bruno C. d. S. and Hinze, Ralf and L\"{o}h, Andres},
    booktitle = {Trends in Functional Programming},
    title = {Extensible and Modular Generics for the Masses},
    year = {2006}
}

@article{carette09finally,
 author = {Carette, Jacques and Kiselyov, Oleg and Shan, Chung-chieh},
 title = {Finally tagless, partially evaluated: Tagless staged interpreters for simpler typed languages},
 journal = {J. Funct. Program.},
 volume = {19},
 issue = {5},
 month = {September},
 year = {2009},
 pages = {509--543}
} 

@inproceedings{hofer08polymorphic,
 author = {Hofer, Christian and Ostermann, Klaus and Rendel, Tillmann and Moors, Adriaan},
 title = {Polymorphic embedding of {DSLs}},
 booktitle = {GPCE '08},
 year = {2008}
}

@inproceedings{moors08generics,
 author = {Moors, Adriaan and Piessens, Frank and Odersky, Martin},
 title = {Generics of a higher kind},
 booktitle = {OOPSLA '08},
 year = {2008}
} 

@inproceedings{Fomega,
  title={Towards a theory of type structure},
  author={Reynolds, John C},
  booktitle={Programming Symposium},
  pages={408--425},
  year={1974}
}

@article{buchlovsky06type-theoretic,
title = "A Type-theoretic Reconstruction of the Visitor Pattern",
journal = "Electronic Notes in Theoretical Computer Science",
volume = "155",
number = "0",
pages = "309 - 329",
year = "2006",
author = "Peter Buchlovsky and Hayo Thielecke"
}

@phdthesis{oliveira07genericity,
  title = "Genericity, extensibility and type-safety in the Visitor pattern",
  author = "Oliveira, Bruno C. d. S. ",
  school = "Oxford University Computing Laboratory",
  year = "2007"
}

@BOOK{girard,
 Author = "J.-Y. Girard and Y. Lafont and P.  Taylor",
 Title = "Proofs and Types",
 Publisher = "Cambridge University Press",
 Year = 1989,
 Series = "Cambridge Tracts in Theoretical Computer Science",
 Volume = 7
}

@inproceedings{oliveira08visitor,
 author = {Oliveira, Bruno C. d. S. and Wang, Meng and Gibbons, Jeremy},
 title = {The visitor pattern as a reusable, generic, type-safe component},
 booktitle = {OOPSLA '08},
 year = {2008}
} 

@inproceedings{oliveira09modular,
 author = {Oliveira, Bruno C. d. S.},
 title = {Modular Visitor Components},
 booktitle = {ECOOP'09},
 year = {2009}
} 

@inproceedings{peyton-jones06gadts,
 author = {Peyton Jones, Simon and Vytiniotis, Dimitrios and Weirich, Stephanie and Washburn, Geoffrey},
 title = {Simple unification-based type inference for {GADTs}},
 booktitle = {ICFP '06},
 year = {2006}
} 

@article{duponcheel95catamorphisms,
  title={Using catamorphisms, subtypes and monad transformers for writing modular functional interpreters},
  author={Duponcheel, Luc},
  journal={Utrecht University},
  year={1995},
  publisher={Citeseer}
}

@article{wouter08datatypes,
  author = "Wouter Swierstra",
  title = "Data types \`a la carte",
  journal = "Journal of Functional Programming",
  year = 2008,
  volume = 18,
  number = 4, 
  pages = "423 -- 436"
} 

@article{hinze06generics,
author = {Hinze, Ralf},
title = {Generics for the masses},
journal = {Journal of Functional Programming},
volume = {16},
number = {4-5},
pages = {451-483},
year = {2006}
}

@inproceedings{clifton00multiJava,
 author = {Clifton, Curtis and Leavens, Gary T. and Chambers, Craig and Millstein, Todd},
 title = {{MultiJava}: modular open classes and symmetric multiple dispatch for Java},
 booktitle = {OOPSLA '00},
 year = {2000}
} 

@article{chambers95multimethods,
 author = {Chambers, Craig and Leavens, Gary T.},
 title = {Typechecking and modules for multimethods},
 journal = {ACM Trans. Program. Lang. Syst.},
 volume = {17},
 issue = {6},
 month = {November},
 year = {1995},
 pages = {805--843}
} 

@inproceedings{McDirmid01jiazzi,
 author = {McDirmid, Sean and Flatt, Matthew and Hsieh, Wilson C.},
 title = {Jiazzi: new-age components for old-fashioned Java},
 booktitle = {OOPSLA '01},
 year = {2001}
} 

@inproceedings{nystrom06j,
 author = {Nystrom, Nathaniel and Qi, Xin and Myers, Andrew C.},
 title = {J\&: nested intersection for scalable software composition},
 booktitle = {OOPSLA '06},
 year = {2006}
} 

@inproceedings{madsen89virtual,
 author = {Madsen, O. L. and Moller-Pedersen, B.},
 title = {Virtual classes: a powerful mechanism in object-oriented programming},
 booktitle = {OOPSLA '89},
 year = {1989}
} 

@INPROCEEDINGS{bruce98astatically,
    author = {Kim B. Bruce and Martin Odersky and Philip Wadler},
    title = {A Statically Safe Alternative to Virtual Types},
    booktitle = {ECOOP'98},
    year = {1998}
}

@inproceedings{garrigue98polymorphic,
author = {Jacques Garrigue}, 
title = {Programming with polymorphic variants}, 
booktitle = {ML Workshop}, 
year = {1998} 
} 

@INPROCEEDINGS{zenger05independentlyextensible,
    author = {Matthias Zenger and Martin Odersky},
    title = {Independently extensible solutions to the expression problem},
    booktitle = {FOOL'05},
    year = {2005}
}

@inproceedings{visser01visitor,
 author = {Visser, Joost},
 title = {Visitor combination and traversal control},
 booktitle = {OOPSLA '01},
 year = {2001}
} 

@inproceedings{gibbons06design,
 author = {Gibbons, Jeremy},
 title = {Design patterns as higher-order datatype-generic programs},
 booktitle = {WGP '06},
 year = {2006}
} 

@article{wehr11javaGI,
 author = {Wehr, Stefan and Thiemann, Peter},
 title = {{JavaGI}: The Interaction of Type Classes with Interfaces and Inheritance},
 journal = {ACM Trans. Program. Lang. Syst.},
 volume = {33},
 issue = {4},
 month = {July},
 year = {2011}
} 

@inproceedings{zenger01extensible,
 author = {Zenger, Matthias and Odersky, Martin},
 title = {Extensible algebraic datatypes with defaults},
 booktitle = {ICFP '01},
 year = {2001}
} 

@inproceedings{loh06open,
 author = {L\"{o}h, Andres and Hinze, Ralf},
 title = {Open data types and open functions},
 booktitle = {PPDP '06},
 year = {2006}
} 

%diamond problem
@inproceedings{bracha90mixin,
 author = {Bracha, Gilad and Cook, William},
 title = {Mixin-based inheritance},
 booktitle =  {OOPSLA/ECOOP '90},
 year = {1990}
} 

@INPROCEEDINGS{scharli03traits,
AUTHOR = "Nathanael Scharli and Stéphane Ducasse and Oscar Nierstrasz and Andrew P. Black",
TITLE = "Traits: Composable Units of Behaviour.",
booktitle = "ECOOP'03",
YEAR = {2003}  
}

@inproceedings{oliveira10typeclasses,
 author = {Oliveira, Bruno C. d. S. and Moors, Adriaan and Odersky, Martin},
 title = {Type classes as objects and implicits},
 booktitle = {OOPSLA '10},
 year = {2010}
} 

@inproceedings{bierman07lost,
 author = {Bierman, Gavin M. and Meijer, Erik and Torgersen, Mads},
 title = {Lost in translation: formalizing proposed extensions to {C\#}},
 booktitle = {OOPSLA '07},
 year = {2007}
} 

@inproceedings{ernst01family,
 author = {Ernst, Erik},
 title = {Family Polymorphism},
 booktitle = {ECOOP '01},
 year = {2001}
} 

@ARTICLE{saito08essence,
AUTHOR = "Chieri Saito and Atsushi Igarashi",
TITLE = "The Essence of Lightweight Family Polymorphism.",
JOURNAL = "Journal of Object Technology",
PAGES = {67-99},
YEAR = {2008}  }

@INPROCEEDINGS{hoogendijk97whendo,
    author = {Paul Hoogendijk and Roland Backhouse},
    title = {When Do Datatypes Commute?},
    booktitle = {Category Theory and Computer Science, 7th International Conference, volume 1290 of LNCS},
    year = {1997}
}

@inproceedings{canning89f-bounded,
 author = {Canning, Peter and Cook, William and Hill, Walter and Olthoff, Walter and Mitchell, John C.},
 title = {F-bounded polymorphism for object-oriented programming},
 booktitle = {FPCA '89},
 year = {1989}
} 

@inproceedings{torgersen04wildcards,
 author = {Torgersen, Mads and Hansen, Christian Plesner and Ernst, Erik and von der Ah\'{e}, Peter and Bracha, Gilad and Gafter, Neal},
 title = {Adding wildcards to the {Java} programming language},
 booktitle = {SAC '04},
 year = {2004}
} 

@book{gamma94design,
author = {Gamma, E. and Helm, R. and Johnson, R. and Vlissides, J.},
title = {Design Patterns : Elements of Reusable Object-Oriented Software},
publisher = {Addisson-Wesley},
year = {1994},
series = {Addisson-Wesley professional computing series}
}

@phdthesis{malcolm90thesis,
	author = {G. Malcolm},
	title = {Algebraic Data Types and Program Transformation},
	school = {Rijksuniversiteit Groningen},
	month = {September},
	year = {1990},
}

@Article{guttag78algebraic,
	Key = "Guttag",
	Author = "J. V. Guttag and J. J. Horning",
	Title = "The Algebraic Specification of Abstract Data Types",
	Journal = "Acta Informatica",
        Year = "1978"
}

@article{hinze05church,
 author = {Hinze, Ralf},
 title = {THEORETICAL PEARL: Church numerals, twice!},
 journal = {J. Funct. Program.},
 volume = {15},
 issue = {1},
 month = {January},
 year = {2005},
 pages = {1--13}
} 

@INPROCEEDINGS{ghani04build,
    author = {Neil Ghani and Tarmo Uustalu and Varmo Vene},
    title = {Build, augment and destroy. Universally},
    booktitle = {APLAS'04},
    year = {2004}
}

@inproceedings{ibrahim09remote,
 author = {Ibrahim, Ali and Jiao, Yang and Tilevich, Eli and Cook, William R.},
 title = {Remote Batch Invocation for Compositional Object Services},
 booktitle = {ECOOP'09},
 year = {2009}
} 

@INPROCEEDINGS{Wiedermann11,
  AUTHOR = {Ben Wiedermann and William R. Cook},
  TITLE = {Remote Batch Invocation for {SQL} Databases},
  BOOKTITLE = {The 13th International Symposium on Database Programming Languages (DBPL)},
  YEAR = 2011
}

@article{guttag1978algebraic,
  title={The algebraic specification of abstract data types},
  author={Guttag, John V. and Horning, James J.},
  journal={Acta informatica},
  volume={10},
  number={1},
  pages={27--52},
  year={1978},
  publisher={Springer}
}
@INPROCEEDINGS{lopez2005evaluating,
  title={Evaluating support for features in advanced modularization technologies},
  author={Lopez-Herrejon, Roberto E and Batory, Don and Cook, William},
  booktitle = {ECOOP'05},
  year = {2005}
}

@inproceedings{bracha1998making,
 author = {Bracha, Gilad and Odersky, Martin and Stoutamire, David and Wadler, Philip},
 title = {Making the Future Safe for the Past: Adding Genericity to the Java Programming Language},
 booktitle = {OOPSLA '98},
 year = {1998}
}  
